@article{kitaev2020reformer,
  title={Reformer: The Efficient Transformer},
  author={Kitaev, Nikita and Kaiser, {\L}ukasz and Levskaya, Anselm},
  journal={arXiv preprint arXiv:2001.04451},
  year={2020}
}

@article{liu2018generating,
  title={Generating wikipedia by summarizing long sequences},
  author={Liu, Peter J and Saleh, Mohammad and Pot, Etienne and Goodrich, Ben and Sepassi, Ryan and Kaiser, Lukasz and Shazeer, Noam},
  journal={arXiv preprint arXiv:1801.10198},
  year={2018}
}


@article{perotte2014diagnosis,
  title={Diagnosis code assignment: models and evaluation metrics},
  author={Perotte, Adler and Pivovarov, Rimma and Natarajan, Karthik and Weiskopf, Nicole and Wood, Frank and Elhadad, No{\'e}mie},
  journal={Journal of the American Medical Informatics Association},
  volume={21},
  number={2},
  pages={231--237},
  year={2014},
  publisher={BMJ Publishing Group}
}

@inproceedings{ayyar2016tagging,
  title={Tagging patient notes with icd-9 codes},
  author={Ayyar, Sandeep and Don, OB and Iv, W},
  booktitle={Proceedings of the 29th Conference on Neural Information Processing Systems},
  pages={1--8},
  year={2016}
}

@article{alsentzer2019publicly,
  title={Publicly available clinical BERT embeddings},
  author={Alsentzer, Emily and Murphy, John R and Boag, Willie and Weng, Wei-Hung and Jin, Di and Naumann, Tristan and McDermott, Matthew},
  journal={arXiv preprint arXiv:1904.03323},
  year={2019}
}

@inproceedings{gomez2017reversible,
  title={The reversible residual network: Backpropagation without storing activations},
  author={Gomez, Aidan N and Ren, Mengye and Urtasun, Raquel and Grosse, Roger B},
  booktitle={Advances in neural information processing systems},
  pages={2214--2224},
  year={2017}
}

@article{lee2019biobert,
  title={BioBERT: pre-trained biomedical language representation model for biomedical text mining},
  author={Lee, Jinhyuk and Yoon, Wonjin and Kim, Sungdong and Kim, Donghyeon and Kim, Sunkyu and So, Chan Ho and Kang, Jaewoo},
  journal={arXiv preprint arXiv:1901.08746},
  year={2019}
}

@article{johnson2016mimic,
  title={MIMIC-III, a freely accessible critical care database},
  author={Johnson, Alistair EW and Pollard, Tom J and Shen, Lu and Li-wei, H Lehman and Feng, Mengling and Ghassemi, Mohammad and Moody, Benjamin and Szolovits, Peter and Celi, Leo Anthony and Mark, Roger G},
  journal={Scientific data},
  volume={3},
  pages={160035},
  year={2016},
  publisher={Nature Publishing Group}
}

@article{shi2017towards,
  title={Towards automated ICD coding using deep learning},
  author={Shi, Haoran and Xie, Pengtao and Hu, Zhiting and Zhang, Ming and Xing, Eric P},
  journal={arXiv preprint arXiv:1711.04075},
  year={2017}
}

@inproceedings{vaswani2017attention,
  title={Attention is all you need},
  author={Vaswani, Ashish and Shazeer, Noam and Parmar, Niki and Uszkoreit, Jakob and Jones, Llion and Gomez, Aidan N and Kaiser, {\L}ukasz and Polosukhin, Illia},
  booktitle={Advances in neural information processing systems},
  pages={5998--6008},
  year={2017}
}

@misc{reformerpytorch,
  author = {Wang, Phil},
  title = {Reformer-Pytorch},
  year = {2020},
  publisher = {GitHub},
  journal = {GitHub repository},
  howpublished = {\url{https://github.com/lucidrains/reformer-pytorch}},
  commit = {fde8efefe34ce30cf872e67b86e268b103d5a49b}
}

@misc{huggingface,
  author = {HuggingFace},
  title = {Transformers},
  year = {2020},
  publisher = {GitHub},
  journal = {GitHub repository},
  howpublished = {\url{https://github.com/huggingface/transformers}},
  commit = {eec5ec807135ae61fa2266f3c7ad947cc207abda}
}

@article{devlin2018bert,
  title={Bert: Pre-training of deep bidirectional transformers for language understanding},
  author={Devlin, Jacob and Chang, Ming-Wei and Lee, Kenton and Toutanova, Kristina},
  journal={arXiv preprint arXiv:1810.04805},
  year={2018}
}

@article{lee2020biobert,
  title={BioBERT: a pre-trained biomedical language representation model for biomedical text mining},
  author={Lee, Jinhyuk and Yoon, Wonjin and Kim, Sungdong and Kim, Donghyeon and Kim, Sunkyu and So, Chan Ho and Kang, Jaewoo},
  journal={Bioinformatics},
  volume={36},
  number={4},
  pages={1234--1240},
  year={2020},
  publisher={Oxford University Press}
}
